<?xml version="1.0" encoding="UTF-8"?><collection xmlns="http://www.loc.gov/MARC21/slim"><record><leader>00564nam--2200205-i-4500</leader><controlfield tag="001">000001524</controlfield><controlfield tag="002">20161230</controlfield><controlfield tag="005">20161230201024</controlfield><controlfield tag="008">060222s1000------------r-----000-0-ger-d</controlfield><datafield ind1=" " ind2=" " tag="040"><subfield code="a">IFIN-HH</subfield></datafield><datafield ind1=" " ind2=" " tag="041"><subfield code="a">ger</subfield></datafield><datafield ind1=" " ind2=" " tag="080"><subfield code="a">539.1.074.8</subfield></datafield><datafield ind1="1" ind2=" " tag="100"><subfield code="a">Dorschel, Brigit</subfield></datafield><datafield ind1="1" ind2="0" tag="245"><subfield code="a">Neutronen-personendosimetrie</subfield><subfield code="c">Brigit dorschel, lieselott herforth</subfield></datafield><datafield ind1=" " ind2=" " tag="260"><subfield code="a">Basel</subfield><subfield code="b">Birkhauser Verlag</subfield><subfield code="c">1979</subfield></datafield><datafield ind1=" " ind2=" " tag="300"><subfield code="a">363 P</subfield></datafield><datafield ind1=" " ind2=" " tag="490"><subfield code="a">Physikalische Reihe</subfield><subfield code="v">Band 7</subfield></datafield><datafield ind1="1" ind2=" " tag="700"><subfield code="a">Herforth, Lieselott</subfield></datafield><datafield ind1=" " ind2=" " tag="852"><subfield code="a">47961</subfield><subfield code="c">539.1.07:539.1.08</subfield></datafield><datafield ind1=" " ind2=" " tag="CAT"><subfield code="a">Sys</subfield><subfield code="c">20111027</subfield><subfield code="h">143434</subfield></datafield></record></collection>